@article{CFN1950,
  title={Numerical integration of the barotropic vorticity equation},
  author={Charney, Jules G. and Fj{\"o}rtoft, Ragnar and Neumann, J. von},
  journal={Tellus},
  volume={2},
  number={4},
  pages={237--254},
  year={1950},
  publisher={Wiley Online Library}
}

@book{BN1966,
 title = {Functional Analysis},
 publisher = {Academic Press, Inc.},
 year = {1966},
 author = {Bachman, George and Narici, Lawrence},
 address = {New York}
}

@INCOLLECTION{R1969,
  title={On the degree of convergence of nonlinear spline approximation},
  author={Rice, John R.},
  editor={Schoenberg, I. J.},
  booktitle={Approximations with Special Emphasis on Spline Functions},
  pages={349--365},
  year={1969},
  publisher={Academic Press},
  address={New York, London}
}

@PhdThesis{L2021,
  title={Generación de mallas óptimas basadas en esquemas de discretización mimética para problemas de contorno},
  author={Lugo Jiménez, Abdul Abner},
  year={2021},
  school={Universdidad de Los Andes}
}

@book{BCO1981,
   author = {Becker, Eric B. and Carey, Graham F. and Oden, J. Tinsley},
   title = {Finite Elements: An Introduction},
   publisher = {Prentice--Hall, Inc.},
   address = {New Jersey},
   year =  {1981}
}

@techreport{W1981,
  title={Adaptive mesh zoning by the equipotential method},
  author={Winslow, Alan M.},
  number={UCID-19062},
  year={1981},
  institution={Lawrence Livemore Laboratory (unpublished)}
}


@techreport{HSSKSC1997,
  title={Mimetic difference approximations of partial differential equations},
  author={Hyman, James M. and Shashkov, Mikhail and Staley, M. and Kerr, S. and Steinberg, Stanly 
and Castillo, José E.},
  year={1997},
  institution={Los Alamos National Laboratory},
  number={LA-UR-97-2174}
}

@book{C1997,
  title={Computational Grids: Generations, Adaptation \& Solution Strategies},
  author={Carey, Graham F.},
  year={1997},
  publisher={Taylor \& Francis},
  address={Washington, DC}
}


@MASTERSTHESIS{J2002,
  title={Adaptive numerical integration based on coordinate transformations},
  author={Ji, X.},
  school={Department of Mathematics, University of Kansas},
  address={Lawrence, Kansas 66045, USA.},
  year={2002}
}

@book{SJ2004,
   author = {Strikwerda, John C.},
   title = {Finite Difference Schemes and Partial Differential Equations},
   publisher = {SIAM, Ltd.},
   edition = {Second},
   address = {Philadelphia},
   year = {2004}
}

@TECHREPORT{G2005,
   author = {Guevara--Jordan, Juan M.},
   title = {Sobre los Esquemas Miméticos de Diferencias Finitas para la Ecuación Estática de Difusión},
   institution = {Facultad de Ciencias, UCV},
   type = {Trabajo de Ascenso a la Categoría de Profesor Asociado},
   address = {Caracas, Venezuela},
   year = 2005
}

@book{AO2010,
  title={A posteriori error estimation in finite element analysis},
  author={Ainsworth, Mark and Oden, J. Tinsley},
  year={2000},
  series={Pure and Applied Mathematics},
  publisher={John Wiley \& Sons},
  address={New York}
}

@article{CL2015,
  title={Estimación del Error y Adaptatividad en Esquemas Miméticos para Problemas de Contorno},
  author={Calderón, Giovanni and Lugo, Abdul},
  journal={Boletín de la Asociación Matemática Venezolana},
  volume={22},
  number={2},
  pages={109--124},
  year={2015},
  publisher={Elsevier}
}

@article{MLR2016,
  author={Mata, Guelvis and Lugo, Abdul and Rojas, Germalis},
  title={Aplicación de bases de {Gr\"{o}bner} en el problema de alcanzabilidad de estados de sistemas de eventos 
discretos modelados por redes de Petri},
  journal={Lecturas Matemáticas},
  volumen={37},
  number={1},
  pages={5--23},
  year={2016}
}
